<?xml version="1.0" encoding="UTF-8"?><collection xmlns="http://www.loc.gov/MARC21/slim"><record><leader>00437nam--2200157-u-4500</leader><controlfield tag="001">000051557</controlfield><controlfield tag="002">20161230</controlfield><controlfield tag="005">20161230201049</controlfield><controlfield tag="008">080806s1000------------r-----000-0-eng-d</controlfield><datafield ind1="1" ind2="0" tag="100"><subfield code="a">Schwartz,J.T</subfield></datafield><datafield ind1="1" ind2=" " tag="245"><subfield code="a">Nonlinear Functional Analysis</subfield></datafield><datafield ind1=" " ind2=" " tag="260"><subfield code="a">New York</subfield><subfield code="b">Gordon and Breach Science Publishers</subfield><subfield code="c">1969</subfield></datafield><datafield ind1=" " ind2=" " tag="300"><subfield code="a">236 p</subfield></datafield><datafield ind1=" " ind2=" " tag="490"><subfield code="a">Notes Mathematics and its Applications</subfield></datafield><datafield ind1=" " ind2=" " tag="852"><subfield code="a">86485</subfield><subfield code="c">517.5</subfield></datafield><datafield ind1=" " ind2=" " tag="CAT"><subfield code="a">Sys</subfield><subfield code="c">20080806</subfield><subfield code="h">101233</subfield></datafield></record></collection>